@misc{var1,
author = "iforce2d",
title = "Box2D C++ tutorials",
year = "2014",
month = "Apr",
howpublished = "\url{www.iforce2d.net/b2dtut/}"
}

@misc{var2,
author = "StackOverflow",
title = "Stack Overflow",
year = 2015"",
month = "Oct",
howpublished = "\url{www.stackoverflow.com }"
}

@misc{var3,
author = "Kuladeep Marupalli",
title = "Rube Goldberg Simulation using Box2D",
year = "2014",
month = "Nov",
howpublished = "\url{www.youtube.com/watch?v=FZJOaY6Xh7Y}"}

@misc{var4,
author = "Erin Catto",
title = "Box2D User Manual v2.2.0",
year = "2007",
howpublished = "\url{www.box2d.org/}"}

@misc{wiki1,
  author =       "WikiPedia",
  title =        "{Rube Goldberg Machine --- {W}ikipedia{,} The Free Encyclopedia}. ",
  year =         "2015",
  month =        "Aug",
 howpublished =          "\url{https://en.wikipedia.org/wiki/Rube_Goldberg_machine}"
}

    
@misc{var5,
author = "GNU compilers",
title = "Options That Control Optimization",
year = "2015",
howpublished = "\url{https://gcc.gnu.org/onlinedocs/gcc/Optimize-Options.html}"}    

